@article{singpur,
  title={Understanding the Kalman filter},
  author={Meinhold, Richard J and Singpurwalla, Nozer D},
  journal={The American Statistician},
  volume={37},
  number={2},
  pages={123--127},
  year={1983},
  publisher={Taylor \& Francis Group}
}

@book{west,
  title={Bayesian forecasting \& dynamic models},
  author={Harrison, Jeff and West, Mike},
  volume={1030},
  year={1999},
  publisher={Springer New York City}
}

@article{bcart,
  title={Bayesian CART model search},
  author={Chipman, Hugh A and George, Edward I and McCulloch, Robert E},
  journal={Journal of the American Statistical Association},
  volume={93},
  number={443},
  pages={935--948},
  year={1998},
  publisher={Taylor \& Francis Group}
}

@article{geyer,
  title={Annealing Markov chain Monte Carlo with applications to ancestral inference},
  author={Geyer, Charles J and Thompson, Elizabeth A},
  journal={Journal of the American Statistical Association},
  volume={90},
  number={431},
  pages={909--920},
  year={1995},
  publisher={Taylor \& Francis}
}

@article{bart,
  title={BART: Bayesian additive regression trees},
  author={Chipman, Hugh A and George, Edward I and McCulloch, Robert E and others},
  journal={The Annals of Applied Statistics},
  volume={4},
  number={1},
  pages={266--298},
  year={2010},
  publisher={Institute of Mathematical Statistics}
}

@book{regtree,
  title={Classification and regression trees},
  author={Breiman, Leo and Friedman, Jerome and Stone, Charles J and Olshen, Richard A},
  year={1984},
  publisher={CRC press}
}

@article{randomforest,
  title={Random forests},
  author={Breiman, Leo},
  journal={Machine learning},
  volume={45},
  number={1},
  pages={5--32},
  year={2001},
  publisher={Springer}
}

@article{sinopoli,
  title={Kalman filtering with intermittent observations},
  author={Sinopoli, Bruno and Schenato, Luca and Franceschetti, Massimo and Poolla, Kameshwar and Jordan, Michael I and Sastry, Shankar S},
  journal={IEEE transactions on Automatic Control},
  volume={49},
  number={9},
  pages={1453--1464},
  year={2004},
  publisher={IEEE}
}

@article{taddy,
  title={Dynamic trees for learning and design},
  author={Taddy, Matthew A and Gramacy, Robert B and Polson, Nicholas G},
  journal={Journal of the American Statistical Association},
  volume={106},
  number={493},
  pages={109--123},
  year={2011},
  publisher={Taylor \& Francis}
}

@article{dynamictree,
  title={Dynamic trees for streaming and massive data contexts},
  author={Anagnostopoulos, Christoforos and Gramacy, Robert B},
  journal={arXiv preprint arXiv:1201.5568},
  year={2012}
}

@article{bayesforest,
  title={Bayesian and empirical Bayesian forests},
  author={Taddy, Matt and Chen, Chun-Sheng and Yu, Jun and Wyle, Mitch},
  journal={arXiv preprint arXiv:1502.02312},
  year={2015}
}

@article{kalman,
  title={A new approach to linear filtering and prediction problems},
  author={Kalman, Rudolph Emil and others},
  journal={Journal of basic Engineering},
  volume={82},
  number={1},
  pages={35--45},
  year={1960}
}

@article{adaboost,
  title={A decision-theoretic generalization of on-line learning and an application to boosting},
  author={Freund, Yoav and Schapire, Robert E},
  journal={Journal of Computer and System Sciences, 55},
  pages={119--139},
  year={1997}
}

@article{smc_particle,
  title={Particle learning for general mixtures},
  author={Carvalho, Carlos M and Lopes, Hedibert F and Polson, Nicholas G and Taddy, Matt A and others},
  journal={Bayesian Analysis},
  volume={5},
  number={4},
  pages={709--740},
  year={2010},
  publisher={International Society for Bayesian Analysis}
}

@inproceedings{smc,
  title={Novel approach to nonlinear/non-Gaussian Bayesian state estimation},
  author={Gordon, Neil J and Salmond, David J and Smith, Adrian FM},
  booktitle={IEE Proceedings F (Radar and Signal Processing)},
  volume={140},
  number={2},
  pages={107--113},
  year={1993},
  organization={IET}
}

@article{consensus,
  title={Bayes and big data: The consensus Monte Carlo algorithm},
  author={Scott, Steven L and Blocker, Alexander W and Bonassi, Fernando V and Chipman, Hugh A and George, Edward I and McCulloch, Robert E},
  journal={International Journal of Management Science and Engineering Management},
  volume={11},
  number={2},
  pages={78--88},
  year={2016},
  publisher={Taylor \& Francis}
}

@article{rfp,
  title = {Classification and Regression by randomForest},
  author = {Andy Liaw and Matthew Wiener},
  journal = {R News},
  year = {2002},
  volume = {2},
  number = {3},
  pages = {18-22},
  url = {http://CRAN.R-project.org/doc/Rnews/}
}
  
@article{dtp,
  title = {dynaTree: Dynamic Trees for Learning and Design},
  author = {Robert B. Gramacy and Matt A. Taddy and Christoforos Anagnostopoulos},
  year = {2017},
  note = {R package version 1.2-10},
  url = {https://CRAN.R-project.org/package=dynaTree}
}
  
@article{bartp,
  title = {BART: Bayesian Additive Regression Trees},
  author = {Robert McCulloch and Rodney Sparapani and Robert Gramacy and Matthew Pratola},
  year = {2017},
  note = {R package version 1.3},
  url = {https://CRAN.R-project.org/package=BART}
}

@Manual{r,
    title = {R: A Language and Environment for Statistical Computing},
    author = {{R Core Team}},
    organization = {R Foundation for Statistical Computing},
    address = {Vienna, Austria},
    year = {2017},
    url = {https://www.R-project.org/}
}
@Manual{rstudio, 
    title = {RStudio: Integrated Development Environment for R},
    author = {{RStudio Team}}, 
    organization = {RStudio, Inc.}, 
    address = {Boston, MA}, 
    year = {2015}, 
    url = {http://www.rstudio.com/}
}

@book{mitchell,
  title={Machine Learning},
  author={Mitchell, T.M.},
  series={McGraw-Hill International Editions},
  url={https://books.google.ie/books?id=EoYBngEACAAJ},
  year={1997},
  publisher={McGraw-Hill}
}

@Manual{rpart,
  title = {rpart: Recursive Partitioning and Regression Trees},
  author = {Terry Therneau and Beth Atkinson and Brian Ripley},
  year = {2017},
  note = {R package version 4.1-11},
  url = {https://CRAN.R-project.org/package=rpart},
}

@article{wu,
author = {Yuhong Wu and Hakon Tjelmeland and Mike West},
title = {Bayesian CART: Prior Specification and Posterior Simulation},
journal = {Journal of Computational and Graphical Statistics},
volume = {16},
number = {1},
pages = {44-66},
year  = {2007},
publisher = {Taylor & Francis}
}

@article{pratola,
author = {Pratola, Matthew T.},
fjournal = {Bayesian Analysis},
journal = {Bayesian Anal.},
month = {09},
number = {3},
pages = {885--911},
publisher = {International Society for Bayesian Analysis},
title = {Efficient Metropolis-Hastings Proposal Mechanisms for Bayesian Regression Tree Models},
volume = {11},
year = {2016}
}

@article{gramacy,
author = {Robert B Gramacy and Herbert K. H Lee},
title = {Bayesian Treed Gaussian Process Models With an Application to Computer Modeling},
journal = {Journal of the American Statistical Association},
volume = {103},
number = {483},
pages = {1119-1130},
year  = {2008},
publisher = {Taylor & Francis},
}

@article{mehra, 
author={R. {Mehra}}, 
journal={IEEE Transactions on Automatic Control}, 
title={On the identification of variances and adaptive Kalman filtering}, 
year={1970}, 
volume={15}, 
number={2}, 
pages={175-184}, 
keywords={Adaptive Kalman filtering;Linear systems, time-invariant discrete-time;Kalman filters;Adaptive filters;Vectors;Q measurement;Covariance matrix;Steady-state;Filtering;Noise measurement;Testing;State estimation}, 
ISSN={0018-9286}, 
month={April}
}