%% This BibTeX bibliography file was created using BibDesk.
%% http://bibdesk.sourceforge.net/


%% Created for Louis Aslett at 2010-03-10 16:27:19 +0000 


%% Saved with string encoding Unicode (UTF-8) 



@article{qsd,
	Author = {J Darroch and E Seneta},
	Date-Added = {2010-03-10 16:26:18 +0000},
	Date-Modified = {2010-03-10 16:27:11 +0000},
	Journal = {Journal of Applied Probability},
	Number = {1},
	Pages = {192-196},
	Title = {On Quasi-Stationary Distributions in Absorbing Continuous-time Finite Markov Chains},
	Volume = {4},
	Year = {1967}}

@article{19dubious,
	Author = {Cleve Moler and Charles {Van Loan}},
	Date-Added = {2010-03-10 15:50:54 +0000},
	Date-Modified = {2010-03-10 15:52:05 +0000},
	Journal = {SIAM Review},
	Month = {March},
	Number = {1},
	Pages = {3-49},
	Title = {Nineteen dubious ways to compute the exponential of a matrix, twenty-five years later},
	Volume = {45},
	Year = {2003}}

@techreport{empht,
	Author = {M Olsson},
	Date-Added = {2010-03-10 13:13:25 +0000},
	Date-Modified = {2010-03-10 13:14:22 +0000},
	Institution = {Department of Mathematics, Chalmers University of Technology},
	Title = {The {EM}pht-programme},
	Year = {1998}}

@article{cano,
	Author = {J Cano and D Rios},
	Date-Added = {2010-03-09 19:01:59 +0000},
	Date-Modified = {2010-03-09 19:01:59 +0000},
	Journal = {Proceedings of the First International Conference on Availability, Reliability and Security (ARES'06)},
	Title = {Reliability forecasting in complex hardware/software systems},
	Year = {2006}}

@article{gelman-brooks,
	Author = {S. P. Brooks and A. Gelman},
	Date-Added = {2009-12-04 16:49:38 +0000},
	Date-Modified = {2009-12-04 16:49:38 +0000},
	Journal = {Journal of Computational and Graphical Statistics},
	Month = {Dec},
	Number = {4},
	Pages = {434-455},
	Title = {General Methods for Monitoring Convergence of Iterative Simulations},
	Volume = {7},
	Year = {1998}}

@article{heid,
	Author = {Philip Heidelberger and Peter D. Welch},
	Date-Added = {2009-12-04 16:44:22 +0000},
	Date-Modified = {2009-12-04 16:44:22 +0000},
	Journal = {Operations Research},
	Number = {6},
	Pages = {1109-1144},
	Title = {Simulation Run Length Control in the Presence of an Initial Transient},
	Volume = {31},
	Year = {1983}}

@article{geweke,
	Author = {John Geweke},
	Date-Added = {2009-12-04 16:44:15 +0000},
	Date-Modified = {2009-12-04 16:44:15 +0000},
	Journal = {Bayesian Statistics 4},
	Title = {Evaluating the Accuracy of Sampling-Based Approaches to the Calculation of Posterior Moments},
	Year = {1991}}

@article{gelman-rubin,
	Author = {A. Gelman and D. B. Rubin},
	Date-Added = {2009-12-04 16:44:08 +0000},
	Date-Modified = {2009-12-04 16:44:08 +0000},
	Journal = {Statistical Science},
	Number = {4},
	Pages = {457-511},
	Title = {Inference from Iterative Simulation Using Multiple Sequences},
	Volume = {7},
	Year = {1992}}

@article{competerisk,
	Author = {R. L. Prentice and J. D. Kalbfleisch and A. V. Peterson, Jr. and N. Flournoy and V. T. Farewell and N. E. Breslow},
	Date-Added = {2009-11-29 18:16:56 +0000},
	Date-Modified = {2009-11-29 18:18:37 +0000},
	Journal = {Biometrics},
	Number = {4},
	Pages = {541-554},
	Title = {The Analysis of Exponentially Distributed Life-Times with Two Types},
	Volume = {34},
	Year = {1978}}

@manual{R,
	Address = {{Vienna, Austria}},
	Author = {{{R Development Core Team}}},
	Date-Added = {2009-11-29 17:29:38 +0000},
	Date-Modified = {2009-11-29 17:31:20 +0000},
	Note = {{{ISBN} 3-900051-07-0}},
	Organization = {{R Foundation for Statistical Computing}},
	Title = {{R: A Language and Environment for Statistical Computing}},
	Url = {{http://www.R-project.org}},
	Year = {2009},
	Bdsk-Url-1 = {%7Bhttp://www.R-project.org%7D}}

@article{brett2009,
	Author = {Ben Flood and Brett Houlding and Simon P. Wilson and Sergiy Vilkomir},
	Date-Added = {2009-11-29 17:20:17 +0000},
	Date-Modified = {2009-11-29 17:21:08 +0000},
	Journal = {Quality and Reliability Engineering International},
	Title = {A probability model of system downtime with implications for optimal warranty design},
	Year = {2009}}

@article{bladt2001,
	Author = {Mogens Bladt and Antonio Gonzalez and Steen L Lauritzen},
	Date-Added = {2009-11-26 17:52:43 +0000},
	Date-Modified = {2009-11-26 17:56:45 +0000},
	Journal = {Scandinavian Journal of Statistics},
	Number = {4},
	Pages = {280-300},
	Title = {The estimation of phase-type related functionals using {M}arkov chain {M}onte {C}arlo methods},
	Volume = {2003},
	Year = {2003}}

@article{asmu1996,
	Author = {S Asmussen and O Nerman and M Olsson},
	Date-Added = {2009-11-26 17:50:39 +0000},
	Date-Modified = {2009-11-26 17:51:34 +0000},
	Journal = {Scandinavian Journal of Statistics},
	Number = {4},
	Pages = {419-441},
	Title = {Fitting phase-type distributions via the EM algorithm},
	Volume = {23},
	Year = {1996}}

@book{grim2001,
	Author = {Geoffrey R Grimmett and David R Stirzaker},
	Date-Added = {2009-11-26 14:56:31 +0000},
	Date-Modified = {2009-11-26 14:59:19 +0000},
	Edition = {3rd},
	Publisher = {Oxford University Press},
	Title = {Probability and Random Processes},
	Year = {2001}}

@book{pearl1988,
	Author = {J Pearl},
	Date-Added = {2009-11-25 19:08:24 +0000},
	Date-Modified = {2009-11-25 19:09:29 +0000},
	Publisher = {Morgan Kaufmann},
	Title = {Probabilistic reasoning in intelligent systems: networks of plausible inference},
	Year = {1988}}

@article{asmu2000,
	Author = {S Asmussen},
	Date-Added = {2009-11-25 15:27:05 +0000},
	Date-Modified = {2009-11-25 15:27:55 +0000},
	Journal = {Scandinavian Journal of Statistics},
	Number = {2},
	Pages = {193-226},
	Title = {Matrix-analytic models and their analysis},
	Volume = {27},
	Year = {2000}}

@article{neuts1975,
	Author = {Marcel F Neuts},
	Date-Added = {2009-11-25 15:25:36 +0000},
	Date-Modified = {2009-11-25 15:26:46 +0000},
	Journal = {Liber Amicorum Prof. Emeritus H. Florin, Dept. Math, Univ. Louvain, Belgium},
	Pages = {173-206},
	Title = {Probability distributions of phase type},
	Year = {1975}}

@article{lang2007,
	Author = {H Langseth and L Portinale},
	Date-Added = {2009-11-25 15:13:22 +0000},
	Date-Modified = {2009-11-25 15:16:56 +0000},
	Journal = {Reliability Engineering {\&} System Safety},
	Number = {1},
	Pages = {92-108},
	Title = {Bayesian networks in reliability},
	Volume = {92},
	Year = {2007}}

@article{chak1983,
	Author = {S Chakravarthy},
	Date-Added = {2009-11-25 15:10:00 +0000},
	Date-Modified = {2009-11-25 15:11:08 +0000},
	Journal = {OR Spectrum},
	Number = {1},
	Pages = {25-32},
	Title = {Reliability analysis of a parallel system with exponential life times and phase type repairs},
	Volume = {5},
	Year = {1983}}

@article{neuts2000,
	Author = {Marcel Neuts and Rafael P{\'e}rez-Oc{\'o}n and Inmaculada Torres-Castro},
	Date-Added = {2009-11-25 14:59:57 +0000},
	Date-Modified = {2009-11-25 15:01:01 +0000},
	Journal = {Advances in Applied Probability},
	Number = {2},
	Pages = {468-479},
	Title = {Repairable Models with Operating and Repair Times Governed by Phase Type Distributions},
	Volume = {32},
	Year = {2000}}

@article{neuts1981,
	Author = {Marcel F Neuts and Kathleen S Meier},
	Date-Added = {2009-11-25 14:31:33 +0000},
	Date-Modified = {2009-11-25 14:33:04 +0000},
	Journal = {OR Spectrum},
	Number = {4},
	Pages = {227-234},
	Title = {On the use of phase type distributions in reliability modelling of systems with two components},
	Volume = {2},
	Year = {1981}}
